@article{dean08,
    author = "Dean, Jeffrey and Ghemawat, Sanjay",
    title = "{M}ap{R}educe: simplified data processing on large clusters",
    journal = "Commun. ACM",
    year = "2008",
    volume = "51",
    number = "1",
    address = "New York, NY, USA"
}
